@article{王斌2005基于内容的垃圾邮件过滤技术综述,
  title={基于内容的垃圾邮件过滤技术综述},
  author={王斌 and 潘文锋},
  journal={中文信息学报},
  volume={19},
  number={5},
  pages={3--12},
  year={2005}
}

@phdthesis{周钦强2005文本自动分类系统文本预处理方法的研究,
  title={文本自动分类系统文本预处理方法的研究},
  author={周钦强 and 孙炳达 and 王义},
  year={2005}
}

@article{goldberg2014word2vec,
  title={word2vec Explained: deriving Mikolov et al.'s negative-sampling word-embedding method},
  author={Goldberg, Yoav and Levy, Omer},
  journal={arXiv preprint arXiv:1402.3722},
  year={2014}
}

@article{r1,
  title={基于词向量和卷积神经网络的垃圾短信识别方法},
  author={赖文辉，乔宇鹏},
  journal={计算机应用},
  pages={0--0},
  year={2018}
}


@article{sharma2011comparative,
  title={A comparative study of classification algorithms for spam email data analysis},
  author={Sharma, Aman Kumar and Sahni, Suruchi},
  journal={International Journal on Computer Science and Engineering},
  volume={3},
  number={5},
  pages={1890--1895},
  year={2011},
  publisher={Engg Journals Publications}
}


@article{Bhagyashri_ijacect,
  title={Spam E-mail Detection by Random Forests Algorithm},
  author={Bhagyashri U. Gaikwad and P. P. Halkarnikar},
  journal={International Journal of Advanced Computer Engineering and Communication Technology},
  volume={4},
  number={2},
  pages={2278--5140},
  year={2013},
}

@article{carreras2001boosting,
  title={Boosting trees for anti-spam email filtering},
  author={Carreras, Xavier and Marquez, Lluis},
  journal={arXiv preprint cs/0109015},
  year={2001}
}


@article{r5,
  title={Machine Learning Methods for Spam E-Mail Classification},
  author={W.A, Awad.S.M, ELseuofi},
  journal={International Journal of Computer Science and Information Technology},
  volume={3},
  number={1},
  year={2011},
  pages={173--184},
}

@inproceedings{mathew2011intelligent,
  title={Intelligent spam classification for mobile text message},
  author={Mathew, Kuruvilla and Issac, Biju},
  booktitle={Computer Science and Network Technology (ICCSNT), 2011 International Conference on},
  volume={1},
  pages={101--105},
  year={2011},
  organization={IEEE}
}


@article{tf_tfidf,
  title={基于改进 TFIDF 算法的邮件分类技术},
  author={陶峰，汤鲲，程光},
  journal={计算机技术与发展},
  volume={28},
  number={8},
  pages={27--31},
  year={2018}
}

@article{lm_ig,
  title={一种基于信息增益的新垃圾邮件特征选择算法},
  author={李猛 and 刘元宁},
  journal={吉林大学学报: 理学版},
  volume={55},
  number={2},
  pages={379--382},
  year={2017}
}


@article{whq_mi,
  title={改进的互信息特征选择方法在垃圾邮件检测中的应用},
  author={王禾清},
  journal={电脑知识与技术},
  number={5X},
  pages={163--166},
  year={2017}
}

@article{zxd,
  title={垃圾邮件分类技术对比研究},
  author={赵晓丹，徐燕},
  journal={信息网络安全},
  number={2},
  pages={0--0},
  year={2014}
}

@article{kim2014convolutional,
  title={Convolutional neural networks for sentence classification},
  author={Kim, Yoon},
  journal={arXiv preprint arXiv:1408.5882},
  year={2014}
}

@inproceedings{zhang2015character,
  title={Character-level convolutional networks for text classification},
  author={Zhang, Xiang and Zhao, Junbo and LeCun, Yann},
  booktitle={Advances in neural information processing systems},
  pages={649--657},
  year={2015}
}


@inproceedings{mikolov2013distributed,
  title={Distributed representations of words and phrases and their compositionality},
  author={Mikolov, Tomas and Sutskever, Ilya and Chen, Kai and Corrado, Greg S and Dean, Jeff},
  booktitle={Advances in neural information processing systems},
  pages={3111--3119},
  year={2013}
}

@article{peters2018deep,
  title={Deep contextualized word representations},
  author={Peters, Matthew E and Neumann, Mark and Iyyer, Mohit and Gardner, Matt and Clark, Christopher and Lee, Kenton and Zettlemoyer, Luke},
  journal={arXiv preprint arXiv:1802.05365},
  year={2018}
}

@article{zhang2015sensitivity,
  title={A sensitivity analysis of (and practitioners' guide to) convolutional neural networks for sentence classification},
  author={Zhang, Ye and Wallace, Byron},
  journal={arXiv preprint arXiv:1510.03820},
  year={2015}
}

@inproceedings{boureau2010theoretical,
  title={A theoretical analysis of feature pooling in visual recognition},
  author={Boureau, Y-Lan and Ponce, Jean and LeCun, Yann},
  booktitle={Proceedings of the 27th international conference on machine learning (ICML-10)},
  pages={111--118},
  year={2010}
}

@article{kingma2014adam,
  title={Adam: A method for stochastic optimization},
  author={Kingma, Diederik P and Ba, Jimmy},
  journal={arXiv preprint arXiv:1412.6980},
  year={2014}
}

@article{hinton2012improving,
  title={Improving neural networks by preventing co-adaptation of feature detectors},
  author={Hinton, Geoffrey E and Srivastava, Nitish and Krizhevsky, Alex and Sutskever, Ilya and Salakhutdinov, Ruslan R},
  journal={arXiv preprint arXiv:1207.0580},
  year={2012}
}

@article{leo1984classification,
  title={Classification and regression trees},
  author={Leo, Breiman and Friedman, Jerome H and Olshen, Richard A and Stone, Charles J},
  journal={Wadsworth International Group},
  year={1984}
}

@article{breiman2001random,
  title={Random forests},
  author={Breiman, Leo},
  journal={Machine learning},
  volume={45},
  number={1},
  pages={5--32},
  year={2001},
  publisher={Springer}
}

@article{tong2001support,
  title={Support vector machine active learning with applications to text classification},
  author={Tong, Simon and Koller, Daphne},
  journal={Journal of machine learning research},
  volume={2},
  number={Nov},
  pages={45--66},
  year={2001}
}

@inproceedings{sundermeyer2012lstm,
  title={LSTM neural networks for language modeling},
  author={Sundermeyer, Martin and Schl{\"u}ter, Ralf and Ney, Hermann},
  booktitle={Thirteenth annual conference of the international speech communication association},
  year={2012}
}

@article{iverson2008estimating,
  title={Estimating potential habitat for 134 eastern US tree species under six climate scenarios},
  author={Iverson, Louis R and Prasad, Anantha M and Matthews, Stephen N and Peters, Matthew},
  journal={Forest Ecology and Management},
  volume={254},
  number={3},
  pages={390--406},
  year={2008},
  publisher={Elsevier}
}

@inproceedings{sahami1998bayesian,
  title={A Bayesian approach to filtering junk e-mail},
  author={Sahami, Mehran and Dumais, Susan and Heckerman, David and Horvitz, Eric},
  booktitle={Learning for Text Categorization: Papers from the 1998 workshop},
  volume={62},
  pages={98--105},
  year={1998},
  organization={Madison, Wisconsin}
}

@phdthesis{张铭锋2005垃圾邮件过滤的贝叶斯方法综述,
  title={垃圾邮件过滤的贝叶斯方法综述},
  author={张铭锋 and 李云春 and 李巍},
  year={2005}
}

@inproceedings{langley1992analysis,
  title={An analysis of Bayesian classifiers},
  author={Langley, Pat and Iba, Wayne and Thompson, Kevin and others},
  booktitle={Aaai},
  volume={90},
  pages={223--228},
  year={1992}
}

@article{pedregosa2011scikit,
  title={Scikit-learn: Machine learning in Python},
  author={Pedregosa, Fabian and Varoquaux, Ga{\"e}l and Gramfort, Alexandre and Michel, Vincent and Thirion, Bertrand and Grisel, Olivier and Blondel, Mathieu and Prettenhofer, Peter and Weiss, Ron and Dubourg, Vincent and others},
  journal={Journal of machine learning research},
  volume={12},
  number={Oct},
  pages={2825--2830},
  year={2011}
}

@inproceedings{herlocker1999algorithmic,
  title={An algorithmic framework for performing collaborative filtering},
  author={Herlocker, Jonathan L and Konstan, Joseph A and Borchers, Al and Riedl, John},
  booktitle={Proceedings of the 22nd annual international ACM SIGIR conference on Research and development in information retrieval},
  pages={230--237},
  year={1999},
  organization={ACM}
}

@inproceedings{he2017neural,
  title={Neural collaborative filtering},
  author={He, Xiangnan and Liao, Lizi and Zhang, Hanwang and Nie, Liqiang and Hu, Xia and Chua, Tat-Seng},
  booktitle={Proceedings of the 26th International Conference on World Wide Web},
  pages={173--182},
  year={2017},
  organization={International World Wide Web Conferences Steering Committee}
}

@inproceedings{barkan2016item2vec,
  title={Item2vec: neural item embedding for collaborative filtering},
  author={Barkan, Oren and Koenigstein, Noam},
  booktitle={Machine Learning for Signal Processing (MLSP), 2016 IEEE 26th International Workshop on},
  pages={1--6},
  year={2016},
  organization={IEEE}
}

@inproceedings{guo2016deep,
  title={A deep relevance matching model for ad-hoc retrieval},
  author={Guo, Jiafeng and Fan, Yixing and Ai, Qingyao and Croft, W Bruce},
  booktitle={Proceedings of the 25th ACM International on Conference on Information and Knowledge Management},
  pages={55--64},
  year={2016},
  organization={ACM}
}