@techreport{balaneshin2015wsu,
  title={WSU-IR at TREC 2015 clinical decision support track: Joint weighting of explicit and latent medical query concepts from diverse sources},
  author={Balaneshin-Kordan, Saeid and Kotov, Alexander and Xisto, Railan},
  year={2015},
  institution={Wayne State University Detroit United States}
}

@inproceedings{gurulingappa2016semi,
  title={Semi-Supervised Information Retrieval System for Clinical Decision Support.},
  author={Gurulingappa, Harsha and Toldo, Luca and Schepers, Claudia and Bauer, Alexander and Megaro, Gerard},
  booktitle={TREC},
  year={2016}
}

@article{liucas,
  title={UCAS at TREC-2017 Precision Medicine Track},
  author={Li, Canjia and He, Ben and Sun, Yingfei and Xu, Jungang}
}

@misc{王斌2010信,
  title={信 息 检 索 导 论},
  author={王斌},
  year={2010},
  publisher={北 京: 人 民 邮 电 出 版 社}
}

@inproceedings{guo2016deep,
  title={A deep relevance matching model for ad-hoc retrieval},
  author={Guo, Jiafeng and Fan, Yixing and Ai, Qingyao and Croft, W Bruce},
  booktitle={Proceedings of the 25th ACM International on Conference on Information and Knowledge Management},
  pages={55--64},
  year={2016},
  organization={ACM}
}

@inproceedings{mikolov2013distributed,
  title={Distributed representations of words and phrases and their compositionality},
  author={Mikolov, Tomas and Sutskever, Ilya and Chen, Kai and Corrado, Greg S and Dean, Jeff},
  booktitle={Advances in neural information processing systems},
  pages={3111--3119},
  year={2013}
}

@article{kingma2014adam,
  title={Adam: A method for stochastic optimization},
  author={Kingma, Diederik P and Ba, Jimmy},
  journal={arXiv preprint arXiv:1412.6980},
  year={2014}
}

@inproceedings{huang2013learning,
  title={Learning deep structured semantic models for web search using clickthrough data},
  author={Huang, Po-Sen and He, Xiaodong and Gao, Jianfeng and Deng, Li and Acero, Alex and Heck, Larry},
  booktitle={Proceedings of the 22nd ACM international conference on Conference on information \& knowledge management},
  pages={2333--2338},
  year={2013},
  organization={ACM}
}
@article{pang2016study,
  title={A study of matchpyramid models on ad-hoc retrieval},
  author={Pang, Liang and Lan, Yanyan and Guo, Jiafeng and Xu, Jun and Cheng, Xueqi},
  journal={arXiv preprint arXiv:1606.04648},
  year={2016}
}
@inproceedings{shen2014learning,
  title={Learning semantic representations using convolutional neural networks for web search},
  author={Shen, Yelong and He, Xiaodong and Gao, Jianfeng and Deng, Li and Mesnil, Gr{\'e}goire},
  booktitle={Proceedings of the 23rd International Conference on World Wide Web},
  pages={373--374},
  year={2014},
  organization={ACM}
}

@inproceedings{hu2014convolutional,
  title={Convolutional neural network architectures for matching natural language sentences},
  author={Hu, Baotian and Lu, Zhengdong and Li, Hang and Chen, Qingcai},
  booktitle={Advances in neural information processing systems},
  pages={2042--2050},
  year={2014}
}